%
%  An example of a bibliographical database for bibTeX
%
%  Recommended software for maintenance of *.bib files:
%    JabRef, http://jabref.sourceforge.net/
%
%  BEWARE:
%
%    *  If a name contains a capital letter, which must be kept such,
%       use curly brackets ({T}hailand, {HIV}).
%
%  ===========================================================================

@article{ackland2017world,
	title={World blindness and visual impairment: despite many successes, the problem is growing},
	author={Ackland, Peter and Resnikoff, Serge and Bourne, Rupert},
	journal={Community eye health},
	volume={30},
	number={100},
	pages={71},
	year={2017},
	publisher={International Centre for Eye Health}
}

@article{fernandez2021visual,
	title={Visual percepts evoked with an intracortical 96-channel microelectrode array inserted in human occipital cortex},
	author={Fern{\'a}ndez, Eduardo and Alfaro, Arantxa and Soto-S{\'a}nchez, Cristina and Gonzalez-Lopez, Pablo and Lozano, Antonio M and Pe{\~n}a, Sebastian and Grima, Maria Dolores and Rodil, Alfonso and G{\'o}mez, Bernardeta and Chen, Xing and others},
	journal={The Journal of Clinical Investigation},
	volume={131},
	number={23},
	year={2021},
	publisher={Am Soc Clin Investig}
}

@book{kilgore_2015, place={Sawston, Cambridge, UK}, title={Implantable neuroprostheses for restoring function}, publisher={Woodhead Publishing}, author={Kilgore, Kevin}, year={2015}} 

@article{cogan2008neural,
	title={Neural stimulation and recording electrodes},
	author={Cogan, Stuart F},
	journal={Annu. Rev. Biomed. Eng.},
	volume={10},
	pages={275--309},
	year={2008},
	publisher={Annual Reviews}
}

@article{edward2018towards,
	title={Towards miniaturized closed-loop optogenetic stimulation devices},
	author={Edward, Epsy S and Kouzani, Abbas Z and Tye, Susannah J},
	journal={Journal of neural engineering},
	volume={15},
	number={2},
	pages={021002},
	year={2018},
	publisher={IOP Publishing}
}




@article{butts2019data,
	title={Data-driven approaches to understanding visual neuron activity},
	author={Butts, Daniel A},
	journal={Annual review of vision science},
	volume={5},
	pages={451--477},
	year={2019},
	publisher={Annual Reviews}
}

@article{cadena2019deep,
	title={Deep convolutional models improve predictions of macaque V1 responses to natural images},
	author={Cadena, Santiago A and Denfield, George H and Walker, Edgar Y and Gatys, Leon A and Tolias, Andreas S and Bethge, Matthias and Ecker, Alexander S},
	journal={PLoS computational biology},
	volume={15},
	number={4},
	pages={e1006897},
	year={2019},
	publisher={Public Library of Science San Francisco, CA USA}
}

@article{antolik2019comprehensive,
	title={A comprehensive data-driven model of cat primary visual cortex},
	author={Antol{\'\i}k, J{\'a}n and Monier, Cyril and Fr{\'e}gnac, Yves and Davison, Andrew P},
	journal={BioRxiv},
	pages={416156},
	year={2019},
	publisher={Cold Spring Harbor Laboratory}
}

@article{ecker2018rotation,
	title={A rotation-equivariant convolutional neural network model of primary visual cortex},
	author={Ecker, Alexander S and Sinz, Fabian H and Froudarakis, Emmanouil and Fahey, Paul G and Cadena, Santiago A and Walker, Edgar Y and Cobos, Erick and Reimer, Jacob and Tolias, Andreas S and Bethge, Matthias},
	journal={arXiv preprint arXiv:1809.10504},
	year={2018}
}

@article{lurz2021generalization,
	title={Generalization in data-driven models of primary visual cortex},
	author={Lurz, Konstantin-Klemens and Bashiri, Mohammad and Willeke, Konstantin and Jagadish, Akshay K and Wang, Eric and Walker, Edgar Y and Cadena, Santiago A and Muhammad, Taliah and Cobos, Erick and Tolias, Andreas S and others},
	journal={bioRxiv},
	pages={2020--10},
	year={2021},
	publisher={Cold Spring Harbor Laboratory}
}

@article{klindt2017neural,
	title={Neural system identification for large populations separating “what” and “where”},
	author={Klindt, David and Ecker, Alexander S and Euler, Thomas and Bethge, Matthias},
	journal={Advances in Neural Information Processing Systems},
	volume={30},
	year={2017}
}


@article{hubel1962receptive,
	title={Receptive fields, binocular interaction and functional architecture in the cat's visual cortex},
	author={Hubel, David H and Wiesel, Torsten N},
	journal={The Journal of physiology},
	volume={160},
	number={1},
	pages={106},
	year={1962},
	publisher={Wiley-Blackwell}
}


@book{bear2020neuroscience,
	title={Neuroscience: Exploring the Brain, Enhanced Edition: Exploring the Brain},
	author={Bear, Mark and Connors, Barry and Paradiso, Michael A},
	year={2020},
	publisher={Jones \& Bartlett Learning}
}

@article{sinz2018stimulus,
	title={Stimulus domain transfer in recurrent models for large scale cortical population prediction on video},
	author={Sinz, Fabian and Ecker, Alexander S and Fahey, Paul and Walker, Edgar and Cobos, Erick and Froudarakis, Emmanouil and Yatsenko, Dimitri and Pitkow, Zachary and Reimer, Jacob and Tolias, Andreas},
	journal={Advances in neural information processing systems},
	volume={31},
	year={2018}
}


@inproceedings{lam2005self,
	title={Self-organized cortical map formation by guiding connections},
	author={Lam, Stanley YM and Shi, Bertram Emil and Boahen, Kwabena A},
	booktitle={2005 IEEE International Symposium on Circuits and Systems},
	pages={5230--5233},
	year={2005},
	organization={IEEE}
}

@book{purves_2019, place={New york:}, title={Neuroscience}, publisher={Oxford University Press}, author={Purves, Dale}, year={2019}} 

@book{kandel2000principles,
	title={Principles of neural science},
	author={Kandel, Eric R and Schwartz, James H and Jessell, Thomas M and Siegelbaum, Steven and Hudspeth, A James and Mack, Sarah and others},
	volume={4},
	year={2000},
	publisher={McGraw-hill New York}
}

@article{smith2018distributed,
	title={Distributed network interactions and their emergence in developing neocortex},
	author={Smith, Gordon B and Hein, Bettina and Whitney, David E and Fitzpatrick, David and Kaschube, Matthias},
	journal={Nature neuroscience},
	volume={21},
	number={11},
	pages={1600--1608},
	year={2018},
	publisher={Nature Publishing Group}
}

@article{van2005orientation,
	title={Orientation selectivity without orientation maps in visual cortex of a highly visual mammal},
	author={Van Hooser, Stephen D and Heimel, J Alexander F and Chung, Sooyoung and Nelson, Sacha B and Toth, Louis J},
	journal={Journal of Neuroscience},
	volume={25},
	number={1},
	pages={19--28},
	year={2005},
	publisher={Soc Neuroscience}
}

@article{bednar2016cortical,
	title={Cortical maps},
	author={Bednar, James A and Wilson, Stuart P},
	journal={The Neuroscientist},
	volume={22},
	number={6},
	pages={604--617},
	year={2016},
	publisher={SAGE Publications Sage CA: Los Angeles, CA}
}

@article{goris2014partitioning,
	title={Partitioning neuronal variability},
	author={Goris, Robbe LT and Movshon, J Anthony and Simoncelli, Eero P},
	journal={Nature neuroscience},
	volume={17},
	number={6},
	pages={858--865},
	year={2014},
	publisher={Nature Publishing Group}
}

@book{bishop2006pattern,
	title={Pattern recognition and machine learning},
	author={Bishop, Christopher M and Nasrabadi, Nasser M},
	volume={4},
	number={4},
	year={2006},
	publisher={Springer}
}

@book{Goodfellow-et-al-2016,
	title={Deep Learning},
	author={Ian Goodfellow and Yoshua Bengio and Aaron Courville},
	publisher={MIT Press},
	note={\url{http://www.deeplearningbook.org}},
	year={2016}
}

@article{cybenko1989approximation,
	title={Approximation by superpositions of a sigmoidal function},
	author={Cybenko, George},
	journal={Mathematics of control, signals and systems},
	volume={2},
	number={4},
	pages={303--314},
	year={1989},
	publisher={Springer}
}

@article{leshno1993multilayer,
	title={Multilayer feedforward networks with a nonpolynomial activation function can approximate any function},
	author={Leshno, Moshe and Lin, Vladimir Ya and Pinkus, Allan and Schocken, Shimon},
	journal={Neural networks},
	volume={6},
	number={6},
	pages={861--867},
	year={1993},
	publisher={Elsevier}
}


@article{heinecke2020refinement,
	title={Refinement and universal approximation via sparsely connected ReLU convolution nets},
	author={Heinecke, Andreas and Ho, Jinn and Hwang, Wen-Liang},
	journal={IEEE Signal Processing Letters},
	volume={27},
	pages={1175--1179},
	year={2020},
	publisher={IEEE}
}

@article{zhou2020universality,
	title={Universality of deep convolutional neural networks},
	author={Zhou, Ding-Xuan},
	journal={Applied and computational harmonic analysis},
	volume={48},
	number={2},
	pages={787--794},
	year={2020},
	publisher={Elsevier}
}

@article{rosenblatt1958perceptron,
	title={The perceptron: a probabilistic model for information storage and organization in the brain.},
	author={Rosenblatt, Frank},
	journal={Psychological review},
	volume={65},
	number={6},
	pages={386},
	year={1958},
	publisher={American Psychological Association}
}

@article{miralles2017methodology,
	title={A methodology based on Deep Learning for advert value calculation in CPM, CPC and CPA networks},
	author={Miralles-Pechu{\'a}n, Luis and Rosso, Dafne and Jim{\'e}nez, Fernando and Garc{\'\i}a, Jose M},
	journal={Soft Computing},
	volume={21},
	number={3},
	pages={651--665},
	year={2017},
	publisher={Springer}
}

@article{kiefer1952stochastic,
	title={Stochastic estimation of the maximum of a regression function},
	author={Kiefer, Jack and Wolfowitz, Jacob},
	journal={The Annals of Mathematical Statistics},
	pages={462--466},
	year={1952},
	publisher={JSTOR}
}

@article{kingma2014adam,
	title={Adam: A method for stochastic optimization},
	author={Kingma, Diederik P and Ba, Jimmy},
	journal={arXiv preprint arXiv:1412.6980},
	year={2014}
}

@inproceedings{glorot2010understanding,
	title={Understanding the difficulty of training deep feedforward neural networks},
	author={Glorot, Xavier and Bengio, Yoshua},
	booktitle={Proceedings of the thirteenth international conference on artificial intelligence and statistics},
	pages={249--256},
	year={2010},
	organization={JMLR Workshop and Conference Proceedings}
}

@inproceedings{cohen2016group,
	title={Group equivariant convolutional networks},
	author={Cohen, Taco and Welling, Max},
	booktitle={International conference on machine learning},
	pages={2990--2999},
	year={2016},
	organization={PMLR}
}

@inproceedings{weiler2018learning,
	title={Learning steerable filters for rotation equivariant cnns},
	author={Weiler, Maurice and Hamprecht, Fred A and Storath, Martin},
	booktitle={Proceedings of the IEEE Conference on Computer Vision and Pattern Recognition},
	pages={849--858},
	year={2018}
}

@article{kriegeskorte2015deep,
	title={Deep neural networks: a new framework for modelling biological vision and brain information processing},
	author={Kriegeskorte, Nikolaus},
	journal={biorxiv},
	pages={029876},
	year={2015},
	publisher={Cold Spring Harbor Laboratory}
}

@article{willeke2022sensorium,
	title={The Sensorium competition on predicting large-scale mouse primary visual cortex activity},
	author={Willeke, Konstantin F and Fahey, Paul G and Bashiri, Mohammad and Pede, Laura and Burg, Max F and Blessing, Christoph and Cadena, Santiago A and Ding, Zhiwei and Lurz, Konstantin-Klemens and Ponder, Kayla and others},
	journal={arXiv preprint arXiv:2206.08666},
	year={2022}
}

@article{srivastava2014dropout,
	title={Dropout: a simple way to prevent neural networks from overfitting},
	author={Srivastava, Nitish and Hinton, Geoffrey and Krizhevsky, Alex and Sutskever, Ilya and Salakhutdinov, Ruslan},
	journal={The journal of machine learning research},
	volume={15},
	number={1},
	pages={1929--1958},
	year={2014},
	publisher={JMLR. org}
}

@inproceedings{ioffe2015batch,
	title={Batch normalization: Accelerating deep network training by reducing internal covariate shift},
	author={Ioffe, Sergey and Szegedy, Christian},
	booktitle={International conference on machine learning},
	pages={448--456},
	year={2015},
	organization={PMLR}
}

@article{walker2019inception,
	title={Inception loops discover what excites neurons most using deep predictive models},
	author={Walker, Edgar Y and Sinz, Fabian H and Cobos, Erick and Muhammad, Taliah and Froudarakis, Emmanouil and Fahey, Paul G and Ecker, Alexander S and Reimer, Jacob and Pitkow, Xaq and Tolias, Andreas S},
	journal={Nature neuroscience},
	volume={22},
	number={12},
	pages={2060--2065},
	year={2019},
	publisher={Nature Publishing Group}
}

@article{sofroniew2016large,
	title={A large field of view two-photon mesoscope with subcellular resolution for in vivo imaging},
	author={Sofroniew, Nicholas James and Flickinger, Daniel and King, Jonathan and Svoboda, Karel},
	journal={elife},
	volume={5},
	pages={e14472},
	year={2016},
	publisher={eLife Sciences Publications Limited}
}

@article{paszke2019pytorch,
	title={Pytorch: An imperative style, high-performance deep learning library},
	author={Paszke, Adam and Gross, Sam and Massa, Francisco and Lerer, Adam and Bradbury, James and Chanan, Gregory and Killeen, Trevor and Lin, Zeming and Gimelshein, Natalia and Antiga, Luca and others},
	journal={Advances in neural information processing systems},
	volume={32},
	year={2019}
}

@article{hunter2007matplotlib,
	title={Matplotlib: A 2D graphics environment},
	author={Hunter, John D},
	journal={Computing in science \& engineering},
	volume={9},
	number={03},
	pages={90--95},
	year={2007},
	publisher={IEEE Computer Society}
}

@article{mirochnik2019contemporary,
	title={Contemporary approaches to visual prostheses},
	author={Mirochnik, Rebecca M and Pezaris, John S},
	journal={Military Medical Research},
	volume={6},
	number={1},
	pages={1--9},
	year={2019},
	publisher={Springer}
}

@article{antolik2016model,
	title={Model constrained by visual hierarchy improves prediction of neural responses to natural scenes},
	author={Antol{\'\i}k, J{\'a}n and Hofer, Sonja B and Bednar, James A and Mrsic-Flogel, Thomas D},
	journal={PLoS computational biology},
	volume={12},
	number={6},
	pages={e1004927},
	year={2016},
	publisher={Public Library of Science San Francisco, CA USA}
}

@inproceedings{deng2009imagenet,
	title={Imagenet: A large-scale hierarchical image database},
	author={Deng, Jia and Dong, Wei and Socher, Richard and Li, Li-Jia and Li, Kai and Fei-Fei, Li},
	booktitle={2009 IEEE conference on computer vision and pattern recognition},
	pages={248--255},
	year={2009},
	organization={Ieee}
}

@article{pnevmatikakis2016simultaneous,
	title={Simultaneous denoising, deconvolution, and demixing of calcium imaging data},
	author={Pnevmatikakis, Eftychios A and Soudry, Daniel and Gao, Yuanjun and Machado, Timothy A and Merel, Josh and Pfau, David and Reardon, Thomas and Mu, Yu and Lacefield, Clay and Yang, Weijian and others},
	journal={Neuron},
	volume={89},
	number={2},
	pages={285--299},
	year={2016},
	publisher={Elsevier}
}

@article{biewald2020experiment,
	title={Experiment tracking with weights and biases},
	author={Biewald, Lukas},
	journal={Software available from wandb. com},
	volume={2},
	pages={233},
	year={2020}
}

@article{merkel2014docker,
	title={Docker: lightweight linux containers for consistent development and deployment},
	author={Merkel, Dirk and others},
	journal={Linux j},
	volume={239},
	number={2},
	pages={2},
	year={2014}
}

@misc{cuda,
	author={NVIDIA and Vingelmann, Péter and Fitzek, Frank H.P.},
	title={CUDA, release: 10.2.89},
	year={2020},
	url={https://developer.nvidia.com/cuda-toolkit},
}

@article{kurtzer2017singularity,
	title={Singularity: Scientific containers for mobility of compute},
	author={Kurtzer, Gregory M and Sochat, Vanessa and Bauer, Michael W},
	journal={PloS one},
	volume={12},
	number={5},
	pages={e0177459},
	year={2017},
	publisher={Public Library of Science San Francisco, CA USA}
}

@article{fort2019deep,
	title={Deep ensembles: A loss landscape perspective},
	author={Fort, Stanislav and Hu, Huiyi and Lakshminarayanan, Balaji},
	journal={arXiv preprint arXiv:1912.02757},
	year={2019}
}

@article{snoek2012practical,
	title={Practical bayesian optimization of machine learning algorithms},
	author={Snoek, Jasper and Larochelle, Hugo and Adams, Ryan P},
	journal={Advances in neural information processing systems},
	volume={25},
	year={2012}
}

@article{van2011numpy,
	title={The NumPy array: a structure for efficient numerical computation},
	author={Van Der Walt, Stefan and Colbert, S Chris and Varoquaux, Gael},
	journal={Computing in science \& engineering},
	volume={13},
	number={2},
	pages={22--30},
	year={2011},
	publisher={IEEE}
}

@article{lewis2016electrical,
	title={Electrical stimulation of the brain and the development of cortical visual prostheses: an historical perspective},
	author={Lewis, Philip M and Rosenfeld, Jeffrey V},
	journal={Brain research},
	volume={1630},
	pages={208--224},
	year={2016},
	publisher={Elsevier}
}

@inproceedings{chollet2017xception,
	title={Xception: Deep learning with depthwise separable convolutions},
	author={Chollet, Fran{\c{c}}ois},
	booktitle={Proceedings of the IEEE conference on computer vision and pattern recognition},
	pages={1251--1258},
	year={2017}
}

@article{clevert2015fast,
	title={Fast and accurate deep network learning by exponential linear units (elus)},
	author={Clevert, Djork-Arn{\'e} and Unterthiner, Thomas and Hochreiter, Sepp},
	journal={arXiv preprint arXiv:1511.07289},
	year={2015}
}

@misc{tensorflow2015-whitepaper,
	title={ {TensorFlow}: Large-Scale Machine Learning on Heterogeneous Systems},
	url={https://www.tensorflow.org/},
	note={Software available from tensorflow.org},
	author={
	Mart\'{i}n~Abadi and
	Ashish~Agarwal and
	Paul~Barham and
	Eugene~Brevdo and
	Zhifeng~Chen and
	Craig~Citro and
	Greg~S.~Corrado and
	Andy~Davis and
	Jeffrey~Dean and
	Matthieu~Devin and
	Sanjay~Ghemawat and
	Ian~Goodfellow and
	Andrew~Harp and
	Geoffrey~Irving and
	Michael~Isard and
	Yangqing Jia and
	Rafal~Jozefowicz and
	Lukasz~Kaiser and
	Manjunath~Kudlur and
	Josh~Levenberg and
	Dandelion~Man\'{e} and
	Rajat~Monga and
	Sherry~Moore and
	Derek~Murray and
	Chris~Olah and
	Mike~Schuster and
	Jonathon~Shlens and
	Benoit~Steiner and
	Ilya~Sutskever and
	Kunal~Talwar and
	Paul~Tucker and
	Vincent~Vanhoucke and
	Vijay~Vasudevan and
	Fernanda~Vi\'{e}gas and
	Oriol~Vinyals and
	Pete~Warden and
	Martin~Wattenberg and
	Martin~Wicke and
	Yuan~Yu and
	Xiaoqiang~Zheng},
	year={2015},
}

@article{brette2005adaptive,
	title={Adaptive exponential integrate-and-fire model as an effective description of neuronal activity},
	author={Brette, Romain and Gerstner, Wulfram},
	journal={Journal of neurophysiology},
	volume={94},
	number={5},
	pages={3637--3642},
	year={2005},
	publisher={American Physiological Society}
}

@article{li2022emergence,
	title={Emergence of probabilistic representation in the neural network of primary visual cortex},
	author={Li, Ang A and Wang, Fengchao and Wu, Si and Zhang, Xiaohui},
	journal={Iscience},
	volume={25},
	number={3},
	pages={103975},
	year={2022},
	publisher={Elsevier}
}

@article{durand2007neural,
	title={Neural bases of stereopsis across visual field of the alert macaque monkey},
	author={Durand, Jean-Baptiste and Celebrini, Simona and Trotter, Yves},
	journal={Cerebral Cortex},
	volume={17},
	number={6},
	pages={1260--1273},
	year={2007},
	publisher={Oxford University Press}
}

@article{bashiri2021flow,
	title={A flow-based latent state generative model of neural population responses to natural images},
	author={Bashiri, Mohammad and Walker, Edgar and Lurz, Konstantin-Klemens and Jagadish, Akshay and Muhammad, Taliah and Ding, Zhiwei and Ding, Zhuokun and Tolias, Andreas and Sinz, Fabian},
	journal={Advances in Neural Information Processing Systems},
	volume={34},
	pages={15801--15815},
	year={2021}
}

@article{antolik2021assessment,
	title={Assessment of optogenetically-driven strategies for prosthetic restoration of cortical vision in large-scale neural simulation of V1},
	author={Antolik, Jan and Sabatier, Quentin and Galle, Charlie and Fr{\'e}gnac, Yves and Benosman, Ryad},
	journal={Scientific reports},
	volume={11},
	number={1},
	pages={1--18},
	year={2021},
	publisher={Nature Publishing Group}
}