%
%  An example of a bibliographical database for bibTeX
%
%  Recommended software for maintenance of *.bib files:
%    JabRef, http://jabref.sourceforge.net/
%
%  BEWARE:
%
%    *  If a name contains a capital letter, which must be kept such,
%       use curly brackets ({T}hailand, {HIV}).
%
%  ===========================================================================

@article{ackland2017world,
  title={World blindness and visual impairment: despite many successes, the problem is growing},
  author={Ackland, Peter and Resnikoff, Serge and Bourne, Rupert},
  journal={Community eye health},
  volume={30},
  number={100},
  pages={71},
  year={2017},
  publisher={International Centre for Eye Health}
}

@article{fernandez2021visual,
  title={Visual percepts evoked with an intracortical 96-channel microelectrode array inserted in human occipital cortex},
  author={Fern{\'a}ndez, Eduardo and Alfaro, Arantxa and Soto-S{\'a}nchez, Cristina and Gonzalez-Lopez, Pablo and Lozano, Antonio M and Pe{\~n}a, Sebastian and Grima, Maria Dolores and Rodil, Alfonso and G{\'o}mez, Bernardeta and Chen, Xing and others},
  journal={The Journal of Clinical Investigation},
  volume={131},
  number={23},
  year={2021},
  publisher={Am Soc Clin Investig}
}

 @book{kilgore_2015, place={Sawston, Cambridge, UK}, title={Implantable neuroprostheses for restoring function}, publisher={Woodhead Publishing}, author={Kilgore, Kevin}, year={2015}} 

@article{cogan2008neural,
  title={Neural stimulation and recording electrodes},
  author={Cogan, Stuart F},
  journal={Annu. Rev. Biomed. Eng.},
  volume={10},
  pages={275--309},
  year={2008},
  publisher={Annual Reviews}
}

@article{edward2018towards,
  title={Towards miniaturized closed-loop optogenetic stimulation devices},
  author={Edward, Epsy S and Kouzani, Abbas Z and Tye, Susannah J},
  journal={Journal of neural engineering},
  volume={15},
  number={2},
  pages={021002},
  year={2018},
  publisher={IOP Publishing}
}




@article{butts2019data,
  title={Data-driven approaches to understanding visual neuron activity},
  author={Butts, Daniel A},
  journal={Annual review of vision science},
  volume={5},
  pages={451--477},
  year={2019},
  publisher={Annual Reviews}
}

@article{cadena2019deep,
  title={Deep convolutional models improve predictions of macaque V1 responses to natural images},
  author={Cadena, Santiago A and Denfield, George H and Walker, Edgar Y and Gatys, Leon A and Tolias, Andreas S and Bethge, Matthias and Ecker, Alexander S},
  journal={PLoS computational biology},
  volume={15},
  number={4},
  pages={e1006897},
  year={2019},
  publisher={Public Library of Science San Francisco, CA USA}
}

@article{antolik2019comprehensive,
  title={A comprehensive data-driven model of cat primary visual cortex},
  author={Antol{\'\i}k, J{\'a}n and Monier, Cyril and Fr{\'e}gnac, Yves and Davison, Andrew P},
  journal={BioRxiv},
  pages={416156},
  year={2019},
  publisher={Cold Spring Harbor Laboratory}
}

@article{ecker2018rotation,
  title={A rotation-equivariant convolutional neural network model of primary visual cortex},
  author={Ecker, Alexander S and Sinz, Fabian H and Froudarakis, Emmanouil and Fahey, Paul G and Cadena, Santiago A and Walker, Edgar Y and Cobos, Erick and Reimer, Jacob and Tolias, Andreas S and Bethge, Matthias},
  journal={arXiv preprint arXiv:1809.10504},
  year={2018}
}

@article{lurz2021generalization,
  title={Generalization in data-driven models of primary visual cortex},
  author={Lurz, Konstantin-Klemens and Bashiri, Mohammad and Willeke, Konstantin and Jagadish, Akshay K and Wang, Eric and Walker, Edgar Y and Cadena, Santiago A and Muhammad, Taliah and Cobos, Erick and Tolias, Andreas S and others},
  journal={bioRxiv},
  pages={2020--10},
  year={2021},
  publisher={Cold Spring Harbor Laboratory}
}

@article{klindt2017neural,
  title={Neural system identification for large populations separating “what” and “where”},
  author={Klindt, David and Ecker, Alexander S and Euler, Thomas and Bethge, Matthias},
  journal={Advances in Neural Information Processing Systems},
  volume={30},
  year={2017}
}









@BOOK{Andel07,
  title = {Základy matematické statistiky},
  publisher = {Matfyzpress},
  year = {2007},
  author = {Anděl, J.},
  address = {Praha},
  series = {Druhé opravené vydání},
  isbn = {80-7378-001-1}
}

@BOOK{Andel98,
  title = {Statistické metody},
  publisher = {Matfyzpress},
  year = {1998},
  author = {Anděl, J.},
  address = {Praha},
  series = {Druhé přepracované vydání},
  isbn = {80-85863-27-8}
}

@ARTICLE{Cox72,
  author = {Cox, D. R.},
  title = {Regression models and life-tables (with {D}iscussion)},
  journal = {Journal of the Royal Statistical Society, Series B},
  year = {1972},
  volume = {34},
  pages = {187--220},
  number = {2}
}

@ARTICLE{DempsterLairdRubin77,
  author = {Dempster, A. P. and Laird, N. M. and Rubin, D. B.},
  title = {Maximum likelihood from incomplete data via the {EM} algorithm},
  journal = {Journal of the Royal Statistical Society, Series B},
  year = {1977},
  volume = {39},
  pages = {1--38},
  number = {1}
}

@ARTICLE{Genberget08,
  author = {Genberg, B. L. and Kulich, M. and Kawichai, S. and Modiba, P. and
	Chingono, A. and Kilonzo, G. P. and Richter, L. and Pettifor, A.
	and Sweat, M. and Celentano, D. D.},
  title = {{HIV} risk behaviors in Sub-{S}aharan {A}frica and {N}orthern {T}hailand:
	{B}aseline behavioral data from project {A}ccept},
  journal = {Journal of Acquired Immune Deficiency Syndrome},
  year = {2008},
  volume = {49},
  pages = {309--319}
}

@ARTICLE{KaplanMeier58,
  author = {Kaplan, E. L. and Meier, P.},
  title = {Nonparametric estimation from incomplete observations},
  journal = {Journal of the American Statistical Association},
  year = {1958},
  volume = {53},
  pages = {457--481},
  number = {282}
}

@BOOK{LehmannCasella98,
  title = {Theory of Point Estimation},
  publisher = {Springer-Verlag},
  year = {1998},
  author = {Lehmann, E. L. and Casella, G.},
  address = {New York},
  series = {{S}econd {E}dition},
  isbn = {0-387-98502-6}
}

@ARTICLE{Student08,
  author = {Student},
  title = {On the probable error of the mean},
  journal = {Biometrika},
  year = {1908},
  volume = {6},
  pages = {1-25}
}
